\usepackage[authoryear]{natbib}

@book{schrott.2012,
	address = {Berlin, Heidelberg},
	title = {Heilpflanzen der ayurvedischen und der westlichen {Medizin}},
	publisher = {Springer-Verlag},
	author = {Schrott, Ernst and Ammon, Hermann Philipp Theodor},
	year = {2012}
}

@book{som11,
	address = {Stuttgart},
	title = {Heilpflanzen: {Ihr} {Wesen} {Ihre} {Wirkung} {Ihre} {Anwendung}},
	publisher = {aethera},
	author = {Sommer, Markus},
	year = {2011},
	note = {Seiten: 186-188}
}

@book{wyk15,
	address = {Stuttgart},
	edition = {3.},
	title = {Handbuch der {Arzneipflanzen}},
	publisher = {Wissenschaftliche Verlagsgesellschaft Stuttgart},
	author = {van Wyk, Prof. Dr. Ben-Erik and Wink, Dr. Coralie and Wink, Prof. Dr. Michael},
	year = {2015},
	note = {Seite: 62}
}

@book{schoen11,
	address = {Stuttgart},
	title = {Das neue {Handbuch} der {Heilpflanzen} : {Botanik}, {Arzneidrogen}, {Wirkstoffe}, {Anwendungen}},
	publisher = {Kosmos},
	author = {Schoenfelder, Ingrid and Schoenfelder, Peter},
	year = {2011},
	note = {Seiten: 73-74}
}


@BOOK{bin07,
	AUTHOR = {von Bingen, Hildegard},
	YEAR = {1151--1158},
	TITLE = {Das Buch von den Pflanzen / Hildegard von Bingen. Nach den Quellen uebersetzt und erlaeutert von Peter Riethe Hildegard 2007},
	EDITION = {},
	ISBN = {},
	PUBLISHER = {Otto Mueller},
	ADDRESS = {Salzburg},
}
