\begin{thebibliography}{1}
\bibitem[Jones et al.(1990)]{som11}

\end{thebibliography}
